@incollection {Khuri,
   author = {Khuri, Sami and Miryala, Sowmya},
   affiliation = {San José State University Department of Mathematics and Computer Science San José California 95192 USA},
   title = {Genetic Algorithms for Solving Open Shop Scheduling Problems},
   booktitle = {Progress in Artificial Intelligence},
   series = {Lecture Notes in Computer Science},
   editor = {Barahona, Pedro and Alferes, José},
   publisher = {Springer Berlin / Heidelberg},
   isbn = {978-3-540-66548-9},
   keyword = {Computer Science},
   pages = {849-849},
   volume = {1695},
   url = {http://dx.doi.org/10.1007/3-540-48159-1\_25},
   note = {10.1007/3-540-48159-1\_25},
   year = {1999}
}

@article{PSO,
title = "A new particle swarm optimization for the open shop scheduling problem",
journal = "Computers &amp; Operations Research",
volume = "35",
number = "10",
pages = "3243 - 3261",
year = "2008",
note = "<ce:title>Part Special Issue: Search-based Software Engineering</ce:title>",
issn = "0305-0548",
doi = "10.1016/j.cor.2007.02.019",
url = "http://www.sciencedirect.com/science/article/pii/S030505480700055X",
author = "D.Y. Sha and Cheng-Yu Hsu",
keywords = "Particle swarm optimization",
keywords = "Open shop scheduling"
}

@article{Benchmarks,
title = "Benchmarks for basic scheduling problems",
journal = "European Journal of Operational Research",
volume = "64",
number = "2",
pages = "278 - 285",
year = "1993",
note = "<ce:title>Project Management anf Scheduling</ce:title>",
issn = "0377-2217",
doi = "10.1016/0377-2217(93)90182-M",
url = "http://www.sciencedirect.com/science/article/pii/037722179390182M",
author = "E. Taillard",
keywords = "Combinatorial optimization",
keywords = "Scheduling",
keywords = "Benchmarks"
}