@incollection {Khuri,
   author = {Khuri, Sami and Miryala, Sowmya},
 title = {Genetic Algorithms for Solving Open Shop Scheduling Problems},
   year = {1999}
}

@article{PSO,
title = "A new particle swarm optimization for the open shop scheduling problem",
year = "2008",
author = "D.Y. Sha and Cheng-Yu Hsu"
}

@article{Benchmarks,
title = "Benchmarks for basic scheduling problems",
year = "1993",
author = "E. Taillard"
}